 @misc{gobmx_huertos_urbanos, title={Huertos Urbanos, productos al Alcance de Tu Mano}, url={https://www.gob.mx/agricultura/es/articulos/huertos-urbanos-productos-al-alcance-de-tu-mano}, journal={gob.mx}, author={{Secretaría de Agricultura y Desarrollo Rural (organización)}}, year={2016}, month={Apr}}

 @misc{robotics_for_plant_production, title={Robotics for Plant Production}, url={https://bit.ly/3L1QGde}, journal={Kluwer Academic Publishers}, author={{Kondo, N. y Ting, K.C.}}, year={1998}}

@misc{huertos_urbanos_gdl, title={Organización ayuda a enfrentar crisis económica con huertos comunitarios en Guadalajara}, url={https://www.cronica.com.mx/nacional/organizacion-mexico-ayuda-enfrentar-crisis-huertos-barriales.html}, journal={Crónica}, author={{Desconocido}}, year={2023}}

@misc{huertos_urbanos_cdmx, title={Ciudad de México: la segunda ciudad con más huertos urbanos en latinoamérica}, url={https://www.archdaily.mx/mx/963873/ciudad-de-mexico-la-segunda-ciudad-con-mas-huertos-urbanos-en-latinoamerica}, journal={Arch Daily}, author={{Punto Periferia (organización)}}, year={2021}}